2844 4798
327 1252 579 1348 nans
679 1259 990 1356 ealon

117 1459 606 1590 ιιιιιιιιιιιιιιιι
656 1483 1171 1604 rneonnsrel.
1254 1463 1256 1470 Α

545 1781 760 1830 Ι-ιδ-ι-ιιη--ι-ι-ι.
843 1794 847 1805 ι

582 1991 619 2091 ,5.
821 2092 825 2101 Ι

75 2305 83 2318 .
114 2195 278 2328 Omnis
298 2243 409 2322 buius
434 2245 726 2345 disputationis
715 2253 927 2326 rnitiurnot
911 2251 1164 2334 t-firndamen

112 2385 198 2442 trun
228 2380 308 2460 est,
334 2380 376 2442 ut
401 2369 597 2477 docentur,
624 2374 713 2468 quid
738 2373 892 2444 Graecis
916 2375 1029 2446 fuerit
1045 2377 1162 2450 doch

113 2477 243 2560 anius,
295 2421 335 2542 id
361 2485 442 2562 est,
494 2497 676 2572 quaenam
701 2477 868 2550 brevium
893 2477 1160 2576 longarumque
1248 2541 1251 2548 .

112 2576 348 2668 syllabarum
373 2579 665 2648 consociationes
692 2575 852 2672 doclrmii
877 2581 982 2670 pedis
1008 2605 1160 2668 mensu

112 2701 195 2748 ram
224 2678 398 2748 referant.
482 2677 559 2749 Res
582 2680 704 2773 prima
721 2679 853 2772 speeie
879 2660 1074 2752 admodum
1102 2685 1160 2756 vi
1268 2721 1313 2764 c,

110 2781 226 2850 detur
261 2802 340 2850 esse
371 2779 515 2870 facilis,
568 2781 863 2876 quandoquidem
893 2781 939 2850 de
965 2785 1159 2874 ,primitiva

110 2881 280 2972 dochmii
332 2881 452 2952 sonna
494 2883 598 2954 nulla
645 2879 806 2975 unquam
856 2882 1036 2954 dubitatio
1072 2887 1153 2958 fuit.

109 2985 235 3056 Valde
267 2993 391 3052 tamen
418 2984 463 3052 de
490 3008 535 3054 es
558 3009 600 3055 rc
626 2986 844 3056 dissentiunt
869 2985 1014 3054 eruditi.
1076 2985 1155 3056 Ne-

111 3110 184 3180 que
213 3086 253 3155 id
278 3086 421 3156 mirum.
473 3087 568 3158 Nam
592 3089 651 3160 vel
677 3088 767 3158 levis
794 3088 997 3158 carminum
1017 3087 1154 3181 Tragi-

113 3211 246 3258 corurn
270 3189 441 3258 tractatio
468 3189 602 3259 docere
629 3188 807 3274 debebat,
841 3211 950 3282 saepe
976 3199 1104 3280 poetas
1128 3213 1152 3260 a

114 3291 302 3382 primitiva
334 3289 495 3360 dochmii
533 3292 654 3362 forms
705 3291 916 3384 longissime
961 3290 1149 3381 recedere,

115 3391 286 3462 doclimio
312 3391 397 3484 pedi
424 3394 464 3460 in
490 3390 763 3488 antistrophicis
780 3388 1150 3464 carminibusnume-

116 3515 175 3561 ros
202 3486 449 3587 opponentes,
490 3497 581 3588 qui,
623 3519 735 3588 quum
760 3495 830 3588 ipsi
858 3515 1003 3588 quoque
1031 3493 1148 3564 doch-

114 3596 269 3668 miacam
301 3598 462 3690 speciem
492 3597 817 3690 praeseferant,
865 3618 926 3665 ux
953 3605 1076 3664 temen
1103 3619 1149 3669 ex

109 3695 178 3766 illa
207 3699 392 3788 primitive
423 3691 542 3768 forma
580 3693 755 3792 dxplicari
795 3719 901 3790 posse
942 3695 1148 3768 videamus

108 3797 325 3888 Quocirca,
375 3823 489 3894 quum
519 3797 613 3872 nihil
640 3802 775 3870 melius
800 3810 1055 3884 succurreret,
1105 3798 1146 3866 in

108 3921 191 3970 eam
234 3903 447 3994 opinionem
482 3902 611 3972 Critici
649 3901 882 3986 inciderunt,
930 3910 972 3967 ut
1008 3899 1145 3990 plures,

109 4024 244 4095 easque
276 4027 449 4073 mensura
474 4006 573 4074 inter
598 4027 636 4072 se
663 4005 840 4088 diverses,
862 4001 999 4070 termas
1027 3996 1144 4068 doch-
1182 4069 1191 4090 χ
1228 4045 1231 4056 ,

110 4105 245 4174 ιιιιιιοιιε
276 4107 318 4174 iu
343 4127 412 4176 usu
436 4107 546 4176 fuisse
574 4106 833 4178 existimarent
909 4102 993 4170 Hoc
1018 4111 1142 4192 temen

109 4205 226 4296 ipsum
252 4230 327 4302 quo
360 4209 439 4276 iure
465 4209 653 4296 lucerent,
703 4208 826 4276 dicere
851 4183 1141 4294 supersederunt

109 4303 286 4402 Accedit,
338 4309 436 4408 quod
466 4309 538 4384 bae
567 4313 712 4384 ratione
745 4303 975 4388 difficultates
998 4313 1142 4376 tantum
