2860 4794
549 351 884 462 utnusrnrons
928 359 977 480 χι
1055 396 1058 404 ’
1113 373 1115 386 ’
1179 382 1229 472 98
1300 469 1301 478 Ν

185 557 488 665 atropha'rerb'a
503 565 649 658 repetit,
677 563 724 632 ad
748 561 1070 634 'demonstrandum
1094 577 1228 657 magna

188 676 362 748 visast·
386 669 488 740 Idem
511 667 611 740 relat
635 665 683 736 de
707 666 791 734 loco
817 663 905 738 Eur.
931 663 1064 736 Bacch.
1095 669 1201 737 1004·

155 771 164 784 ⁶
345 764 348 775 Ι
607 778 766 887 φανερᾶ
790 781 875 858 τῶν
899 776 963 858 dal

401 901 470 984 ἐπὶ
488 897 549 980 '‘i'd
573 895 676 1014 italo?
700 901 797 998 βίον
821 925 919 996 seqq.

181 1063 305 1140 ‚quem
336 1061 413 1114 non
447 1039 625 1132 intelligo.
701 1032 823 1127 Atque
854 1036 885 1106 si
917 1055 1046 1106 sanum
1078 1037 1125 1106 sit
1153 1019 1231 1125 cisi,

187 1167 350 1242 sequens
392 1164 517 1215 versus
556 1163 631 1236 pro
655 1133 831 1210 trochaeo
860 1137 976 1228 possit
1005 1137 1145 1210 haberi.
1180 1169 1233 1194 -··

137 1283 141 1290 ·
193 1248 256 1360 De
282 1243 391 1340 Soph.
417 1242 474 1316 Αἱ.
500 1263 534 1316 r.
560 1240 644 1338 946.
671 1237 742 1312 rid
767 1236 988 1312 Lobeckius.

641 1425 671 1526 s.
726 1429 785 1503 40.

185 1623 188 1630 ·
298 1563 488 1640 Hactenus
514 1553 559 1634 de
583 1553 688 1634 brevi
713 1559 855 1654 syllaba
881 1571 919 1634 et
941 1547 1046 1635 hiatu
1065 1543 1326 1638 indocta-[rw
1352 1563 1422 1664 ln,

196 1671 358 1744 mierum
399 1665 509 1738 fine„
557 1665 636 1735 Iam
676 1662 905 1736 absolvamus
936 1663 981 1735 de
1012 1664 1086 1735 alio
1117 1663 1233 1751 hiatu,

196 1773 265 1868 qui
288 1773 328 1840 in
352 1769 474 1840 medio
501 1765 672 1840 dochmio
696 1765 791 1858 pede
816 1767 978 1836 solennis
1003 1777 1067 1841 est.
1135 1767 1235 1836 Tra-

81 1949 88 1970 „
199 1875 275 1970 gisi
301 1873 399 1945 cuim
423 1879 556 1962 poetae
584 1891 669 1938 eum
692 1865 858 1956 hiatum,¹
889 1891 962 1960 quo
987 1889 1059 1939 vox
1082 1870 1123 1938 in
1147 1869 1235 1938 lou-

198 1998 286 2072 gam
317 1973 483 2045 vocalem
513 1992 579 2040 seu
600 1965 875 2064 ‘diphthongum
910 1965 1079 2039 desinens
1104 1971 1188 2042 voci
1212 1993 1237 2038 a

174 2072 320 2150 'rhoali
345 2075 540 2167 incipienti
566 2073 619 2142 ita
647 2071 921 2163 praemittitur,
972 2077 1014 2140 ut
1037 2074 1142 2164 prior
1170 2069 1236 2141 illa

199 2182 313 2271 longa
335 2177 474 2249 vocalis
499 2197 565 2244 seu
589 2171 834 2266 diphthongus
860 2171 1100 2265 corripiatur,
1136 2191 1237 2248 certa

200 2281 270 2354 sub
309 2279 390 2374 lege
421 2281 462 2348 in
493 2273 727 2348 dochnriacos
756 2275 906 2367 'quoque
931 2295 1104 2346 numeros
1129 2301 1238 2349 recen
1275 2267 1286 2348 J

201 2404 302 2479 pere.
379 2378 655 2471 Quamobrem,
705 2377 773 2446 etsi
809 2399 895 2448 vere
928 2374 1165 2452 Hermannus
1191 2379 1238 2452 ad

203 2484 397 2576 Orpheum
438 2505 474 2574 p.
508 2499 581 2569 720
613 2501 687 2572 seq.
723 2480 934 2562 monuerit,
991 2477 1064 2550 hoc
1110 2507 1267 2578 genus,.

203 2587 304 2680 quod
326 2583 468 2656 heroici
495 2603 621 2651 versus
645 2581 837 2674 proprium
853 2591 918 2666 est,
940 2579 985 2652 ab
999 2579 1130 2654 Atticis
1143 2609 1240 2679 poe..

139 2769 145 2782 .
201 2691 252 2759 tis
275 2689 316 2756 in
341 2681 532 2777 dactylicis
556 2693 711 2768 tantum,
736 2683 988 2772 anapaesticis,
1014 2681 1239 2762 choriambi·
1360 2737 1364 2752 .

204 2791 259 2860 cie
285 2799 324 2859 et
347 2788 481 2856 Ionicis
505 2787 667 2855 numeris
692 2806 770 2853 esse
791 2796 1026 2876 usurpatum,
1064 2791 1242 2881 repudia.

202 2904 285 2964 tum
305 2885 349 2960 'in
370 2885 589 2972 trochaicis,
620 2886 807 2972 iambicis,
840 2889 1002 2976 creticis,
1035 2890 1242 2966 bacchiacis

206 3005 247 3068 et
271 2989 531 3084 antispasticis3
565 2987 611 3057 de
636 2988 879 3080 antispasticis
902 3000 1127 3066 tamennon
1150 2998 1244 3070 simu

180 3095 382 3192 pliciter,
443 3090 507 3160 sed
544 3089 611 3166 suh
652 3091 868 3182 exceptione
909 3092 1067 3184 quadam
1103 3097 1243 3174 dictum

204 3194 411 3290 oportebat.
462 3191 614 3262 Habent
646 3192 745 3260 enim
770 3185 870 3260 hunc
893 3189 1036 3264 hiatum
1059 3219 1135 3268 non
1159 3219 1244 3273 mo·-

190 3298 258 3368 .do
285 3295 509 3380 dochmieci,
544 3295 600 3377 uti
627 3293 766 3363 dictum
792 3305 866 3390 est,
891 3293 1019 3366 rem‘m
1045 3301 1109 3370 elii
1131 3305 1243 3376 etiam
1274 3349 1276 3361 ι

208 3398 426 3486 versus„ab
454 3397 652 3487 antispasto
679 3405 861 3465 exeuntes.
913 3393 1040 3491 Ne'qne
1056 3402 1243 3476 Herman-

210 3525 303 3572 num
326 3521 450 3570 mcum
474 3497 546 3568 hoc
571 3497 684 3590 fugit,
722 3507 765 3567 ut
790 3521 835 3567 ex
860 3499 952 3571 Hec.
980 3503 1064 3592 676.
1090 3507 1243 3600 aliisque
1306 3493 1310 3504 ’

211 3603 306 3680 locis
338 3601 478 3670 discere
499 3599 597 3670 licet.
674 3596 724 3669 At
746 3621 834 3671 vero
857 3623 942 3672 usus
969 3604 1046 3673 eius
1071 3605 1133 3676 hio
1157 3619 1243 3678 tan—

211 3719 292 3777 tum
317 3705 439 3800 abest,
470 3713 513 3772 ut
534 3713 612 3771 tam
637 3700 710 3770 late
735 3713 877 3794 pateat,
918 3725 1026 3797 quam
1051 3707 1090 3776 in
1116 3693 1246 3800 dacty-

195 3809 296 3880 'licis
318 3805 482 3877 armeris
494 3851 504 3891 ,
551 3813 593 3872 ut
618 3806 878 3895 angustissimis
897 3803 1029 3876 linibus
1054 3809 1246 3880 adstrictus

209 3913 283 3998 sit,
336 3931 426 4002 quos
450 3927 659 4000 nunquam,
709 3907 862 3997 opinor,
914 3909 1090 3980 excedere
1113 3921 1244 4002 potest.

215 4012 404 4103 Nusquam
429 4010 528 4078 enim
553 4010 593 4076 in
618 4007 807 4095 doclunlo,
841 4002 1012 4104 (incertos
1046 4023 1083 4081 et
1114 4030 1264 4086 eorm-t

216 4124 300 4207 ptos
324 4111 427 4183 locos
451 4107 544 4180 nihil
568 4105 706 4204 moror)
731 4108 848 4196 huno,
875 4109 920 4178 de
947 4134 1019 4204 quo
1048 4112 1264 4232 loquimur„

214 4214 358 4288 hiatum
381 4212 535 4298 inveni,
558 4249 559 4256 κ
585 4212 675 4308 quin
705 4211 764 4280 adv
784 4212 945 4306 priorem
969 4212 1158 4308 antispasti
1184 4239 1263 4314 art-2
