2852 4796
298 1205 526 1352 ΙᾗῬΑΒε,
584 1191 1012 1324 Posrnuton

156 1435 666 1566 Auentinum
765 1387 1198 1528 rnno'rrcr'.

581 1732 789 1752 aunan—adn

147 2020 374 2156 ,Hactenus
397 2049 491 2123 tristi
517 2047 583 2118 illo
611 2045 867 2140 disputationis
891 2060 1060 2137 genere,
1106 2045 1209 2137 quod

165 2169 214 2238 ad
257 2153 542 2234 construendum
576 2151 789 2219 aedificium
824 2149 986 2239 singulos
1026 2148 1210 2239 lapidulos

167 2276 292 2362 captat
319 2271 357 2329 et
384 2254 558 2339 cumulat,
583 2253 742 2324 lectores
766 2260 912 2320 nostros
938 2248 1025 2318 satis
1052 2249 1117 2320 diu
1142 2251 1210 2320 de-

165 2365 408 2460 fatigavimua
482 2353 603 2444 Quos,
654 2353 784 2422 relicto
810 2349 881 2428 hoc
908 2348 1011 2420 arido
1038 2351 1212 2446 nudoque

169 2491 316 2559 campo,
343 2457 805 2552 aliquantulumreoreare
830 2452 920 2522 licet
944 2452 1091 2522 laetiori
1111 2456 1214 2524 inte-

161 2591 322 2668 ,grorum
347 2561 551 2634 carminum
578 2555 878 2626 dochmiacorum
904 2553 1102 2644 adspectu,
1129 2579 1222 2625 ma·-¹

169 2679 291 2748 iorem
316 2661 522 2760 quandam,
548 2659 602 2728 ito
628 2659 840 2750 opinamur,
876 2656 1052 2746 pristinae
1078 2657 1214 2750 imagi-,-

170 2777 230 2848 nis
278 2763 555 2840 similitudinem
599 2759 896 2852 praeferentium.
984 2753 1115 2828 Viaum
1159 2763 1221 2836 eat'

174 2859 296 2956 enini,
321 2868 496 2968 pleraque
525 2863 770 2956 Tragicornm
798 2859 961 2928 carmina
986 2857 1215 2950 dochmiaoa,

175 2977 225 3048 ad
254 2982 419 3060 nostram
447 2976 609 3034 mentem
636 2963 805 3033 ordinata
831 2971 867 3028 et
893 2961 1108 3052 emendata,
1140 2961 1217 3036 huo

175 3072 468 3155 transscribere,
526 3066 661 3158 partim
707 3085 784 3159 ‘quo
834 3059 922 3132 fides
964 3061 1118 3132 addatur
1156 3067 1216 3152 iia,

178 3200 273 3278 quae
306 3163 485 3244 hactenus
516 3168 796 3260 praecepimus,
844 3161 979 3256 partim
1013 3167 1125 3234 etiam
1162 3179 1217 3254 ut,

179 3303 290 3378 quem
313 3297 420 3346 usum
446 3271 511 3341 illa
535 3267 721 3354 habeant,
768 3265 917 3360 planius
948 3265 1219 3361 perfectiusque

180 3381 416 3472 intelligatur.
450 3439 453 3446 ,
495 3370 601 3472 Quae
634 3368 820 3447 omisimus
848 3368 1037 3456 carmina,
1088 3393 1219 3452 eorum

181 3482 378 3574 descriptio
415 3475 475 3546 t‘nl
514 3475 600 3544 satis
627 3482 755 3564 aperta
788 3481 842 3540 est
874 3480 911 3538 et
947 3471 994 3539 ab
1030 3471 1111 3543 aliis
1138 3475 1219 3544 iam

181 3585 370 3668 restituta,
396 3579 455 3648 vel
481 3587 558 3646 tam
584 3575 740 3644 obscura
766 3583 802 3644 et
826 3568 1015 3661 impedita,
1041 3584 1082 3642 ut
1107 3575 1220 3648 etiam

182 3710 251 3759 nos
284 3683 376 3755 certi
405 3677 544 3772 aliquid
576 3675 620 3746 de
647 3676 693 3744 iis
717 3673 957 3766 pronuntiare
983 3695 1219 3766 nequeamus.

183 3789 242 3862 De
264 3783 498 3883 quibusdam,
526 3803 701 3874 quorum,
727 3799 837 3868 quam
862 3797 929 3842 nos
955 3776 1069 3846 secuti
1097 3799 1222 3848 sumus

100 3953 104 3960 .
185 3885 487 3978 antistrophioam
512 3881 815 3972 descriptionem,
850 3875 963 3944 dubia
988 3887 1026 3946 et
1050 3877 1224 3972 ambigua

185 3991 303 4066 rideri
327 3996 468 4082 potest,
518 3983 571 4052 ita
595 3981 724 4053 haberi
751 3979 942 4070 cupimus,
992 3989 1033 4046 ut
1058 3991 1222 4052 nostram

186 4081 327 4186 potius*
355 4085 573 4162 sententiam
620 4094 703 4151 oum
752 4081 889 4150 lectore
940 4083 1223 4170 communicare,
1268 4167 1273 4172 ,

61 4265 63 4284 ,
189 4203 312 4288 quarn
328 4213 410 4263 rem
442 4185 646 4256 absolutam
679 4195 716 4254 ot
752 4182 953 4276 perfectam
993 4183 1124 4256 afferre
1156 4208 1224 4255 vo-
