2844 4798
383 465 391 480 ι
542 449 854 504 rurs-rurore.
1008 413 1041 542 fl‘
1196 455 1220 533 p

166 621 232 713 qui
262 643 394 690 omnes
420 643 464 689 ex
488 631 553 690 tue
580 619 729 714 quidem
754 601 1060 689 doohmleouum·
1077 587 1218 689 forrna-
1263 683 1265 697 ,
1374 601 1376 608 ’

163 743 253 792 rum
281 721 528 815 descriptione
554 722 705 794 dimetri
732 716 1036 822 dochmieei'esse
1051 732 1218 817 possunt,

163 819 239 894 hac
265 825 352 920 lege
377 825 590 897 metiemur:
922 843 927 852 ·

162 1525 207 1584 ut
232 1512 378 1608 primus
401 1513 612 1586 trochaicus
638 1515 698 1602 sit,
726 1511 909 1586 secundus
923 1507 1117 1604 iambicus,
1131 1525 1214 1590 ter-1

163 1615 492 1710 tius-'dactylicus,
519 1627 669 1711 quartus
695 1616 977 1709 anapaesticus?
1028 1617 1112 1688 Non
1138 1617 1213 1688 dif-

164 1717 300 1805 litem,
342 1741 389 1788 ex
422 1719 502 1790 solo
532 1720 728 1812 longarum
765 1717 1007 1812 breviumque
1047 1717 1211 1810 syllabu-

164 1842 252 1889 rum
294 1820 423 1890 ordine
458 1831 496 1892 et
531 1821 797 1913 compositione
828 1836 955 1912 saepe*
972 1819 1096 1912 colligi
1132 1841 1212 1892 uon

163 1943 294 2014 posse,
326 1933 450 1992 utrum
475 1921 711 1994 dochmiecus
737 1924 784 1994 rit
808 1943 1001 2010 numerus,
1027 1945 1076 1994 an
1102 1921 1210 2017 elius,

164 2045 290 2116 neque
323 2023 416 2093 adeo
452 2023 608 2113 dubito,
660 2018 749 2118 quin
789 2047 898 2100 omne
933 2022 1007 2096 hoc
1039 2033 1209 2098 nostrum

165 2123 403 2196 dochmiucos
434 2147 560 2198 versus
590 2125 833 2220 investigandi
860 2125 1056 2210 consilium
1080 2125 1127 2194 ad
1152 2125 1210 2196 ir·-
1293 2195 1296 2202 ,

164 2227 280 2298 ritum
307 2227 524 2316 cecidisset,
568 2231 598 2300 ei
624 2225 696 2300 hoc
721 2251 796 2298 uno
823 2227 1035 2314 dieprimiue
1063 2225 1109 2296 de
1134 2249 1209 2300 nu·-
1265 2273 1269 2284 .

163 2350 355 2400 merorum
397 2330 592 2422 generibus
632 2331 741 2404 nobis
779 2337 874 2400 esset
913 2327 1208 2406 existimandum.
1278 2359 1298 2420 Ι·

167 2431 240 2502 Sed
264 2443 473 2526 opportune
500 2433 651 2524 Tragici
676 2441 835 2526 poetae,
875 2431 974 2524 quod
999 2432 1086 2506 setis
1112 2455 1207 2502 con·-

164 2544 255 2620 stet,
307 2534 484 2628 pleraque
512 2537 676 2606 carmine
708 2558 775 2604 sue
805 2535 940 2618 melica
966 2529 1207 2624 antistroplris

163 2635 383 2723 ffisunxere,
410 2647 520 2730 atque
547 2661 592 2706 ea
615 2661 656 2706 re
683 2637 755 2729 ipsi
781 2637 963 2721 numeris,
989 2635 1121 2727 quibus
1145 2633 1214 2704 usi*
1259 2659 1261 2666 ’

161 2747 275 2825 sunt,
305 2737 596 2832 explicationem
621 2734 805 2832 quendem
830 2737 1060 2817 addidet-rut,
1123 2734 1206 2806 An-

161 2837 345 2934 tistrophe
367 2842 491 2929 enim,
530 2853 573 2912 ut
598 2863 691 2933 quee
717 2865 794 2912 non
820 2839 1045 2933 syllabarum
1069 2836 1205 2908 modu-

162 2943 268 3029 lum,
311 2941 376 3012 sed
401 2965 596 3016 numer-um
621 2941 776 3032 reseret,
803 2943 1015 3036 saepissime
1041 2952 1080 3010 et
1103 2941 1204 3012 mule·

159 3045 322 3118 titudine
352 3045 577 3136 syllabarum
611 3057 649 3114 ct
672 3058 845 3118 mensura
871 3068 893 3112 e
910 3041 1069 3136 ‚strophe
1093 3063 1203 3116 rece-
1319 3049 1323 3056 “

159 3146 226 3218 dir.
269 3148 401 3239 'Quae
420 3147 593 3218 dlscessio
620 3171 733 3238 quum
756 3171 834 3218 non
858 3157 997 3218 temere
1024 3144 1121 3232 fiat,
1135 3143 1202 3214 sed

84 3268 87 3276 “
158 3250 273 3320 certis
299 3248 525 3344 quibusdum⁴
543 3247 685 3342 legibus
710 3259 961 3340 temperetur,
1010 3249 1091 3340 ipse
1115 3246 1201 3338 ple-
1263 3309 1265 3314 ,
1352 3271 1357 3279 ·

159 3370 343 3444 numque,
390 3353 509 3444 qualis
542 3351 589 3420 sit
612 3373 737 3421 versus
763 3361 802 3420 et
829 3349 1011 3444 quomodo
1037 3350 1200 3428 metien-

158 3452 241 3539 dus,
264 3451 414 3532 indicat,
467 3451 517 3523 At
541 3453 627 3522 satis
652 3453 758 3523 multi
778 3464 861 3524 sunt
877 3454 964 3540 loci,
989 3450 1198 3544 inquibus,

157 3553 259 3648 quod
282 3554 364 3626 fieri
389 3575 497 3646 posse
520 3577 589 3648 per
613 3577 653 3630 ee
677 3564 800 3648 petet,
849 3554 996 3626 easdem
1023 3553 1199 3624 antistro-

156 3653 235 3749 phe
258 3649 419 3748 syllabas
443 3667 625 3744 resumat,
666 3665 708 3726 rit
733 3653 781 3726 ed
804 3679 976 3728 versuum
1002 3679 1117 3748 genus
1144 3654 1198 3722 si-

153 3756 405 3850 gnificmdum
428 3755 492 3830 vix
514 3757 613 3834 ullus
637 3759 717 3828 eius
743 3761 791 3828 sit
814 3783 911 3828 usus.
974 3757 1060 3830 Huc
1085 3767 1196 3824 ecce-

154 3859 349 3954 dit,‚quod
366 3866 495 3955 'neque
521 3862 647 3934 omuie
671 3859 916 3955 Tragicorum
942 3862 1107 3940 carmine
1123 3877 1197 3928 eu-

143 3958 346 4056 ·tistroplris
369 3973 455 4034 sunt
479 3962 670 4050 distincte,
696 3973 734 4033 et
758 3963 988 4056 quorundam
1015 3984 1108 4056 quae
1122 3960 1203 4037 suu

150 4063 375 4160 descriptio,
412 4067 703 4159 corruptelarum
722 4065 835 4144 ¹undis
861 4065 1058 4138 demersa
1082 4062 1195 4144 iacet,

151 4177 204 4238 ut,
220 4168 469 4239 restituendae
495 4170 607 4240 etiem
630 4191 712 4261 spes
739 4167 884 4238 ademta
908 4165 1084 4238 videatur.
1122 4163 1194 4232 His

154 4281 258 4340 uerte
286 4273 328 4338 in.
359 4271 451 4340 loeis
481 4295 561 4340 rem
591 4272 641 4339 in,
664 4269 778 4342 dubio
808 4266 1090 4360 relinquendam
1114 4285 1194 4338 esse
