2860 4794
535 371 659 434 rans
683 329 850 438 ¹aaron.
1001 419 1003 428 ,
1128 351 1213 438 ‘ns

175 552 349 616 nostrus*
371 517 432 618 tel
464 565 510 616 ex
539 523 660 640 parte
680 547 886 644 approbare
922 540 1058 620 licebit·
1136 541 1215 624 Nes

122 707 124 718 .
174 656 343 766 poteram
370 669 438 739 ego
470 645 540 718 hac
560 647 806 741 disputatione
821 650 1069 744 supersedere.
1117 650 1215 726 Nam

175 749 338 836 etiamsi,
375 765 468 842 quaa
493 765 656 844 quoque
665 751 749 822 loco
775 755 951 824 continua
975 749 1238 828 numerorum

160 851 269 921 ‘serie
295 847 717 972 comprehenderentur,
766 855 1012 948 indicassem,
1065 855 1141 926 sive
1173 858 1215 927 ιιι
1332 885 1337 894 ·
1409 835 1411 844 l

158 965 289 1021 unum
313 965 458 1026 versum
483 953 548 1024 illa
574 955 859 1045 coniunxissem,
893 979 938 1026 ea
963 957 1108 1046 ratione
1132 979 1215 1027 me·-
1252 973 1257 981 “

173 1053 290 1122 tricae
332 1053 491 1125 studium
530 1073 662 1152 partun
694 1075 795 1162 erant
825 1067 1089 1150 promoturus,
1140 1059 1214 1130 nisi

172 1145 345 1226 indicatis
377 1155 486 1226 simul
520 1145 716 1249 compositi
744 1161 890 1230 numeri
914 1157 1133 1252 partibus,
1158 1169 1213 1246 ut,

173 1271 267 1348 quae
308 1257 450 1352 syllaba
487 1280 621 1351 anceps
646 1271 765 1348 esset,
815 1260 880 1330 ubi
905 1277 1035 1332 vocem
1067 1253 1250 1348 tollere„

158 1357 238 1428 ubi
263 1353 457 1456 demittere
483 1371 683 1455 oporteret,
707 1363 794 1432 satis
819 1358 1102 1456 intelligeretur:
1148 1363 1215 1440 Ins·

170 1459 288 1529 terior
326 1461 441 1554 igitur
479 1477 718 1548 numerorum
761 1474 895 1534 natura
931 1461 1142 1557 indaganda
1175 1473 1215 1534 et

169 1557 402 1679 explananda
427 1575 526 1636 erat.
585 1563 629 1634 In
655 1581 728 1660 quo
753 1565 921 1674 nogotio,
962 1575 1046 1658 post
1071 1566 1215 1678 prima-

169 1635 245 1734 rias
270 1661 538 1738 distributionis
561 1665 726 1758 regulas,
753 1687 903 1760 quasp.
916 1679 964 1758 7
990 1690 1091 1760 seqq
1117 1689 1224 1785 pro-·

168 1769 380 1857 posuimus,
403 1764 499 1838 hanc
524 1768 755 1862 potissimum
780 1768 888 1839 nobis
913 1768 1036 1878 legem
1061 1769 1213 1872 scripsi·-
1224 1847 1227 1856 .

168 1880 270 1960 mus,
307 1879 350 1938 ut
375 1892 573 1960 summam,
620 1891 728 1962 quam
753 1860 835 1938 fieri
859 1880 1002 1962 posset,
1034 1891 1213 1940 numero-

168 1969 253 2048 nun
283 1971 553 2062 aequalitatem
594 1971 938 2068 simplicitatemque
975 1973 1213 2044 nanciscere-
1337 1989 1340 1996 ⁴
1410 1981 1411 2000 ¹

167 2101 263 2152 mur
313 2071 468 2161 Idcirco,
495 2071 613 2144 sicubi
638 2071 826 2166 peregrini
852 2071 1032 2144 doohntiis
1059 2073 1211 2145 admixti
1296 2071 1301 2080 ’

167 2177 315 2255 numeri
349 2173 419 2244 ad
427 2175 544 2246 unum
578 2191 693 2268 genus
719 2175 891 2246 'reuocari
920 2185 1122 2269 poterant,
1172 2174 1212 2244 id

158 2275 386 2380 ⁴plerumque
420 2277 518 2397 apud
549 2300 609 2348 ma
633 2277 718 2372 plus
743 2275 897 2370 valuit,
940 2299 1050 2372 quam
1075 2276 1214 2352 verbo-
1260 2360 1266 2372 Ι

169 2407 253 2456 rom
298 2379 577 2452 tanmnationes
625 2364 1043 2474 interpmtctiouesque,
1100 2377 1212 2451 aliam

167 2487 321 2582 fortasse
361 2481 638 2576 dispositionem
678 2479 985 2568 commendantes.
1061 2479 1214 2551 Etenim
1281 2570 1284 2580 Α

167 2585 372 2704 plurimis
362 2584 498 2678 risque
507 2583 719 2669 certissimis
742 2584 967 2674 argumentis
992 2580 1119 2652 doceri
1138 2606 1211 2676 po-

166 2701 256 2786 test,
282 2688 322 2756 in
347 2685 488 2755 mediis
505 2682 779 2776 antistrophicis
805 2681 1088 2784 systematibus
1078 2705 1213 2776 parum
1317 2669 1322 2690 ’

167 2801 297 2888 poetas
324 2807 493 2872 curasse,
544 2797 586 2856 ut
618 2785 761 2856 eodem
775 2781 945 2876 strophae
972 2795 1010 2853 et
1035 2787 1211 2856 antistro-

167 2893 265 2988 phac
291 2889 380 2968 loco
403 2888 601 2962 verborum
625 2887 934 2960 sententiarumve
960 2888 1110 2958 termini
1130 2887 1211 2956 col·-

100 3081 105 3088 ,
167 2997 391 3068 locarentur.
467 2988 522 3062 Ac
558 2993 587 3058 si
620 2990 745 3063 multis
777 2989 869 3058 locis
901 2987 1152 3063 verborum
1119 3011 1212 3068 sen-

168 3091 442 3184 tentiammque
467 3091 578 3164 fures
585 3101 812 3208 congruunt,
838 3087 878 3158 id
901 3079 1118 3183 plerumque
1146 3115 1210 3162 ca·
1218 3089 1222 3096 ’

160 3201 226 3270 -ssii
244 3193 489 3268 ‘tribuendtuu
513 3193 675 3278 videtur,
702 3189 950 3284 nisisorsasae
976 3194 1116 3268 musica
1138 3191 1212 3263 boc
1279 3219 1288 3232 ·

167 3299 356 3372 interdum
382 3294 579 3381 suadebat,
610 3294 669 3366 vel
696 3292 830 3361 actoris
857 3293 1126 3379 cornmodum,
1141 3305 1210 3367 cus·
1300 3355 1302 3362 .

111 3469 118 3479 ι
171 3405 228 3475 ius
253 3399 469 3471 memoriam
496 3397 722 3471 sublevatam
746 3391 892 3464 vellent.
951 3395 1007 3464 Eo
1035 3403 1133 3476 certe
1161 3397 1210 3466 il-

163 3505 236 3576 ·lud
261 3503 394 3586 refero,
421 3499 519 3594 quod
543 3521 619 3568 non
644 3499 765 3568 minus
790 3517 899 3587 saepe
927 3497 1069 3589 singula
1094 3521 1210 3596 quae-

172 3607 257 3676 dam
281 3601 452 3694 strophae
477 3599 657 3673 vocabula
681 3596 812 3668 iisdem
839 3593 1087 3688 antistrophao
1117 3597 1210 3668 locis
1338 3619 1340 3624 ·

170 3707 405 3780 redummtur.
453 3701 575 3780 :Nam
600 3701 783 3792 poeticam
811 3697 957 3790 quidem
982 3707 1208 3782 tepustatem

161 3809 264 3896 tales
294 3806 533 3901 repetitiones
565 3800 882 3880 conturbastis
917 3807 1117 3894 potuerunt
1142 3799 1210 3882 ad÷
1271 3847 1275 3858 ι

169 3911 270 3984 ιω.
