2852 4796
187 379 255 448 ιιιο
355 365 1064 444 ιιι,’νιιι-ιιιιυιιιιοιιιιιιιοιι·

93 575 98 582 ’
185 547 297 630 luisse
332 557 589 628 existimemur·
666 556 744 627 Nec
771 556 970 652 quidquam
994 555 1035 626 in
1046 539 1132 627 Thoe
1158 572 1237 651 ge-'

186 684 276 732 nere
303 657 620 754 dissimulabimus
672 643 859 764 Rogamus
884 669 1009 729 tamen
1034 659 1225 750 lectorem,

185 772 229 834 ut
252 762 465 856 priusquam
488 783 569 830 rem
594 759 800 862 diiudicet,
850 771 1059 834 nostramve
1085 761 1228 831 deseri

186 863 353 959 ptionem
391 860 566 962 reiioiat,
598 849 818 955 diligenter
856 865 981 934 omnia
1019 863 1230 958 ponderare
1270 951 1273 958 .

188 978 469 1058 ceterorumque
494 965 698 1034 carminum
723 953 906 1035 rationem
932 984 1147 1059 comparare
1160 987 1229 1036 re·
1242 996 1244 1004 ’

171 1067 248 1137 ·lit:
300 1066 665 1160 quandoquidem'‘11s
689 1066 803 1152 locis,
855 1077 1032 1160 quantum
1055 1067 1096 1138 in
1119 1065 1229 1136 nobis

186 1169 278 1256 tuit,
304 1167 468 1260 dedimus
495 1190 663 1259 operam,
689 1191 730 1237 re
760 1171 895 1268 iterum
917 1161 1124 1262 itennnque
1138 1189 1229 1261 per

119 1301 122 1306 ¹
150 1279 155 1287 “
187 1270 324 1387 pensa,
364 1293 412 1340 ne
439 1291 533 1340 vana
563 1257 864 1362 argumentorum
897 1271 1026 1370 special
1051 1271 1111 1342 vel
1136 1292 1228 1340 nos-

98 1371 104 1384 '
139 1381 143 1396 '
188 1373 359 1472 metipsi
382 1370 442 1443 vel
468 1371 532 1440 alii
557 1371 810 1446 illuderentur.
879 1363 1034 1465 Minime
1061 1370 1133 1440 hoc
1160 1370 1230 1439 ad-

127 1473 129 1484 '
181 1466 338 1544 missum
363 1473 494 1558 velim,
519 1481 580 1558 ut,
606 1474 637 1541 si
664 1493 758 1566 quae
782 1495 888 1562 meae
901 1455 1160 1566 singulorum
1150 1469 1229 1542 lo·-

190 1599 318 1645 corum
341 1574 634 1660 emendationes
643 1556 891 1668 displiceant,
923 1599 985 1645 eo
1012 1585 1229 1692 argumento

134 1755 138 1763 ¹
187 1687 266 1748 tota
292 1677 463 1746 carminis
490 1675 686 1767 descriptio
711 1678 955 1769 impugnetur.
1008 1677 1103 1746 Satis
1129 1677 1229 1746 enim

190 1788 358 1864 constat,
408 1787 499 1868 quot
532 1787 569 1844 et
594 1780 738 1869 quantis
765 1779 984 1870 corruptelis
1009 1802 1055 1847 ea
1083 1797 1229 1872 quoque

119 1889 121 1903 '
154 1923 157 1928 v
188 1881 306 1971 lyrica
332 1877 577 1968 Tragicorum
604 1879 779 1968 carmina,
806 1878 851 1946 de
879 1902 1035 1972 quorum
1054 1882 1230 1952 antistro—

187 1979 300 2092 phica
341 1979 625 2074 responsione
610 1963 947 2070 ndlli'2dt1bitatio
965 1993 1045 2071 est,
1097 1979 1230 2078 etiam-

118 2126 121 2135 ι
189 2101 336 2166 num,
354 2089 410 2148 tot
442 2077 607 2148 collatis
620 2061 818 2150 Codicibus
856 2071 1018 2171 MSS,
1034 2029 1228 2167 laborent,

191 2203 349 2274 quorum
374 2183 580 2250 carminum
604 2183 666 2254 vix
691 2181 808 2250 ullum
833 2183 1016 2276 reperias,
1058 2185 1156 2278 quod
1181 2183 1228 2254 ab

190 2285 292 2353 omni
324 2285 415 2354 vitio
450 2283 608 2352 liberum
639 2282 686 2350 ad
710 2295 873 2354 nostram
899 2289 1116 2356 memoriam
1140 2309 1230 2379 per-
1314 2283 1317 2290 “
1407 2281 1408 2288 '

149 2412 155 2418 ’·
179 2385 342 2459 'venerit
416 2383 577 2455 Videant
586 2387 727 2502 potius
748 2387 797 2472 ii,
849 2387 911 2480 qui
937 2387 1143 2458 eruditione
1169 2413 1228 2458 me

176 2499 276 2561 aunt
299 2485 560 2580 superiores,
583 2485 708 2579 iique,
762 2487 893 2582 quibus
919 2487 1099 2560 Codicum
1107 2489 1227 2578 MSS
1270 2483 1310 2560 ᾇ

160 2590 504 2680 gus'tisrpermissus
537 2598 614 2674 est,
667 2611 739 2681 qua
763 2591 934 2677 meliori,
987 2615 1116 2710 quam
1122 2617 1145 2662 a
1168 2615 1229 2660 me
1291 2579 1297 2600 ³

64 2703 67 2710 '
133 2751 136 2760 ι
187 2686 329 2764 laetum
357 2701 434 2776 est,
485 2693 629 2758 ratione
658 2691 811 2782 singulis
836 2691 927 2764 locis
953 2693 1117 2764 succurri
1140 2716 1255 2796 pos-.

191 2795 247 2866 sit.
290 2791 595 2884 Quamquam
600 2795 681 2882 peri
684 2793 730 2860 tis
684 2785 868 2864 thaud
909 2795 980 2865 erit
1020 2787 1230 2881 obscurum,

179 2896 231 2962 in
263 2895 449 2964 mutandis
489 2895 647 2985 antiquis
678 2893 898 2966 lectionibus
933 2897 1125 2966 audaciam
1158 2921 1232 2966 no·

191 3007 304 3065 stram
336 3019 412 3064 non
437 2995 545 3066 facile
572 2993 721 3067 modum
747 2997 968 3085 excessisse,
1018 2999 1176 3070 maxime
1198 2999 1231 3068 si

133 3171 138 3178 ,
192 3089 367 3180 aliorum,
402 3110 510 3190 atque
535 3099 575 3166 in
600 3097 657 3174 his'
681 3095 782 3166 haud
805 3097 1034 3196 infimorum,
1069 3101 1234 3170 Οιιιιοο-

191 3189 283 3268 'rum'
299 3200 506 3274 licentiam
513 3199 764 3272 recordentur
828 3189 1003 3304 Ceterum
1028 3197 1121 3272 haec
1148 3223 1233 3272 car-
1288 3229 1293 3240 ·

189 3304 292 3373 mina
323 3325 369 3371 eo
390 3303 522 3370 ordine
547 3325 807 3395 proponemus,
834 3293 906 3396 quo
932 3307 972 3372 in
996 3305 1113 3422 priori
1136 3327 1233 3396 opu-

98 3487 100 3498 ,
153 3406 340 3577 {culi
327 3404 457 3476 huius
463 3417 581 3506 parte
608 3403 775 3508 singulas
813 3405 949 3484 formas
981 3425 1025 3478 ex
1055 3405 1103 3544 iis
1135 3405 1230 3478 deli-

220 3506 370 3612 atratus.

192 3632 202 3662 Ι
